@misc{wong2012points,
  title={{Points of view: visualizing biological data}},
  author={Wong, Bang},
  journal={Nature Methods},
  volume={9},
  number={12},
  pages={1131},
  year={2012},
}

@article{wong2012,
  title={{Shared and distinct transcriptomic cell types across neocortical areas}},
  author={Tasic, Bosiljka and Yao, Zizhen and Graybuck, Lucas T and Smith, Kimberly A and Nguyen, Thuc Nghi and Bertagnolli, Darren and Goldy, Jeff and Garren, Emma and Economo, Michael N and Viswanathan, Sarada and others},
  journal={Nature},
  volume={563},
  number={7729},
  pages={72--78},
  year={2018},
  publisher={Nature Publishing Group}
}

@article{tasic2018shared,
  title={{Shared and distinct transcriptomic cell types across neocortical areas}},
  author={Tasic, Bosiljka and Yao, Zizhen and Graybuck, Lucas T and Smith, Kimberly A and Nguyen, Thuc Nghi and Bertagnolli, Darren and Goldy, Jeff and Garren, Emma and Economo, Michael N and Viswanathan, Sarada and others},
  journal={Nature},
  volume={563},
  number={7729},
  pages={72--78},
  year={2018},
  publisher={Nature Publishing Group}
}

@article{cao2019single,
  title={{The single-cell transcriptional landscape of mammalian organogenesis}},
  author={Cao, Junyue and Spielmann, Malte and Qiu, Xiaojie and Huang, Xingfan and Ibrahim, Daniel M and Hill, Andrew J and Zhang, Fan and Mundlos, Stefan and Christiansen, Lena and Steemers, Frank J and others},
  journal={Nature},
  volume={566},
  number={7745},
  pages={496--502},
  year={2019},
  publisher={Nature Publishing Group}
}

@article{hochgerner2018conserved,
  title={{Conserved properties of dentate gyrus neurogenesis across postnatal development revealed by single-cell RNA sequencing}},
  author={Hochgerner, Hannah and Zeisel, Amit and L{\"o}nnerberg, Peter and Linnarsson, Sten},
  journal={Nature Neuroscience},
  volume={21},
  number={2},
  pages={290--299},
  year={2018},
  publisher={Nature Publishing Group}
}

@article{harris2018classes,
  title={{Classes and continua of hippocampal CA1 inhibitory neurons revealed by single-cell transcriptomics}},
  author={Harris, Kenneth D and Hochgerner, Hannah and Skene, Nathan G and Magno, Lorenza and Katona, Linda and Gonzales, Carolina Bengtsson and Somogyi, Peter and Kessaris, Nicoletta and Linnarsson, Sten and Hjerling-Leffler, Jens},
  journal={PLoS Biology},
  volume={16},
  number={6},
  pages={e2006387},
  year={2018},
  publisher={Public Library of Science}
}

@article{macosko2015highly,
  title={{Highly parallel genome-wide expression profiling of individual cells using nanoliter droplets}},
  author={Macosko, Evan Z and Basu, Anindita and Satija, Rahul and Nemesh, James and Shekhar, Karthik and Goldman, Melissa and Tirosh, Itay and Bialas, Allison R and Kamitaki, Nolan and Martersteck, Emily M and others},
  journal={Cell},
  volume={161},
  number={5},
  pages={1202--1214},
  year={2015},
  publisher={Elsevier}
}

@article{shekhar2016comprehensive,
  title={{Comprehensive classification of retinal bipolar neurons by single-cell transcriptomics}},
  author={Shekhar, Karthik and Lapan, Sylvain W and Whitney, Irene E and Tran, Nicholas M and Macosko, Evan Z and Kowalczyk, Monika and Adiconis, Xian and Levin, Joshua Z and Nemesh, James and Goldman, Melissa and others},
  journal={Cell},
  volume={166},
  number={5},
  pages={1308--1323},
  year={2016},
  publisher={Elsevier}
}

@article{zheng2017massively,
  title={{Massively parallel digital transcriptional profiling of single cells}},
  author={Zheng, Grace XY and Terry, Jessica M and Belgrader, Phillip and Ryvkin, Paul and Bent, Zachary W and Wilson, Ryan and Ziraldo, Solongo B and Wheeler, Tobias D and McDermott, Geoff P and Zhu, Junjie and others},
  journal={Nature Communications},
  volume={8},
  number={1},
  pages={1--12},
  year={2017},
  publisher={Nature Publishing Group}
}

@article{pedregosa2011scikit,
  title={{\pkg{Scikit-learn}: Machine learning in \proglang{Python}}},
  author={Pedregosa, Fabian and Varoquaux, Ga{\"e}l and Gramfort, Alexandre and Michel, Vincent and Thirion, Bertrand and Grisel, Olivier and Blondel, Mathieu and Prettenhofer, Peter and Weiss, Ron and Dubourg, Vincent and others},
  journal={Journal of Machine Learning Research},
  volume={12},
  pages={2825--2830},
  year={2011},
  publisher={JMLR. org}
}

@Manual{Ulyanov2016,
  author = {Ulyanov, Dmitry},
  title = {{\pkg{MulticoreTSNE}}},
  year = {2016},
  note = {\proglang{Python}~package version~0.1},
  url = {https://github.com/DmitryUlyanov/Multicore-TSNE}
}

@Manual{julia_tsne,
  author = {Jonsson, Leif},
  title = {{\pkg{TSne.jl}}},
  year = {2013},
  note = {\proglang{Julia}~package version~1.3.0},
  url = {https://github.com/lejon/TSne.jl}
}

@Manual{krijthe2015rtsne,
  title={{\pkg{Rtsne}: t-distributed stochastic neighbor embedding using Barnes-Hut implementation}},
  author={Krijthe, Jesse H},
  year={2015},
  note = {\proglang{R}~package version~0.15},
  url = {https://github.com/jkrijthe/Rtsne}
}

@article{linderman2019fast,
  title={{Fast interpolation-based t-SNE for improved visualization of single-cell RNA-seq data}},
  author={Linderman, George and Rachh, Manas and Hoskins, Jeremy G and Steinerberger, Stefan and Kluger, Yuval},
  journal={Nature Methods},
  volume={16},
  number={3},
  pages={243--245},
  year={2019},
  publisher={Nature Publishing Group}
}

@article{maaten2008visualizing,
  title={{Visualizing data using t-SNE}},
  author={Van Der Maaten, Laurens and Hinton, Geoffrey},
  journal={Journal of Machine Learning Research},
  volume={9},
  number={Nov},
  pages={2579--2605},
  year={2008}
}

@article{van2014accelerating,
  title={{Accelerating t-SNE using tree-based algorithms}},
  author={Van Der Maaten, Laurens},
  journal={Journal of Machine Learning Research},
  volume={15},
  number={1},
  pages={3221--3245},
  year={2014}
}

@article{policar2021embedding,
  title={{Embedding to reference t-SNE space addresses batch effects in single-cell classification}},
  author={Poli{\v{c}}ar, Pavlin G and Stra{\v{z}}ar, Martin and Zupan, Bla{\v{z}}},
  journal={Machine Learning},
  pages={1--20},
  year={2021},
  publisher={Springer-Verlag}
}

@article{2018arXivUMAP,
     author = {{McInnes}, L. and {Healy}, J. and {Melville}, J.},
     title = {{UMAP: Uniform Manifold Approximation and Projection for Dimension Reduction}},
     journal = {ArXiv e-prints},
     archivePrefix = "arXiv",
     eprint = {1802.03426},
     primaryClass = "stat.ML",
     keywords = {Statistics - Machine Learning,
                 Computer Science - Computational Geometry,
                 Computer Science - Learning},
     year = 2018,
     month = feb,
}

@article{kobak2019art,
  title={{The art of using t-SNE for single-cell transcriptomics}},
  author={Kobak, Dmitry and Berens, Philipp},
  journal={Nature Communications},
  volume={10},
  number={1},
  pages={1--14},
  year={2019},
  publisher={Nature Publishing Group UK}
}

@article{belkina2019automated,
  title={{Automated optimized parameters for t-distributed stochastic neighbor embedding improve visualization and analysis of large datasets}},
  author={Belkina, Anna C and Ciccolella, Christopher O and Anno, Rina and Halpert, Richard and Spidlen, Josef and Snyder-Cappione, Jennifer E},
  journal={Nature Communications},
  volume={10},
  number={1},
  pages={1--12},
  year={2019},
  publisher={Nature Publishing Group UK}
}

@inproceedings{kobak2019heavy,
  title={{Heavy-tailed kernels reveal a finer cluster structure in t-SNE visualisations}},
  author={Kobak, Dmitry and Linderman, George and Steinerberger, Stefan and Kluger, Yuval and Berens, Philipp},
  booktitle={Joint European Conference on Machine Learning and Knowledge Discovery in Databases},
  pages={124--139},
  year={2019},
  organization={Springer-Verlag}
}

@article{kobak2019umap,
  title={{Initialization is critical for preserving global data structure in both t-SNE and UMAP}},
  author={Kobak, Dmitry and Linderman, George},
  journal={Nature Biotechnology},
  volume={39},
  number={2},
  pages={156--157},
  year={2021},
  publisher={Nature Publishing Group}
}

@article{bohm2020unifying,
  author  = {Jan Niklas BÃ¶hm and Philipp Berens and Dmitry Kobak},
  title   = {Attraction-Repulsion Spectrum in Neighbor Embeddings},
  journal = {Journal of Machine Learning Research},
  year    = {2022},
  volume  = {23},
  number  = {95},
  pages   = {1--32}
}

@article{jacobs1988increased,
  title={{Increased rates of convergence through learning rate adaptation}},
  author={Jacobs, Robert A},
  journal={Neural Networks},
  volume={1},
  number={4},
  pages={295--307},
  year={1988},
  publisher={Elsevier}
}

@article{jacomy2014forceatlas2,
  title={{ForceAtlas2, a continuous graph layout algorithm for handy network visualization designed for the Gephi software}},
  author={Jacomy, Mathieu and Venturini, Tommaso and Heymann, Sebastien and Bastian, Mathieu},
  journal={PloS One},
  volume={9},
  number={6},
  pages={e98679},
  year={2014},
  publisher={Public Library of Science}
}

@inproceedings{sklearn_api,
  author    = {Lars Buitinck and Gilles Louppe and Mathieu Blondel and
               Fabian Pedregosa and Andreas Mueller and Olivier Grisel and
               Vlad Niculae and Peter Prettenhofer and Alexandre Gramfort
               and Jaques Grobler and Robert Layton and Jake VanderPlas and
               Arnaud Joly and Brian Holt and Ga{\"{e}}l Varoquaux},
  title     = {{API design for machine learning software: experiences from the scikit-learn project}},
  booktitle = {ECML PKDD Workshop: Languages for Data Mining and Machine Learning},
  year      = {2013},
  pages = {108--122},
}

@article{ding2018interpretable,
  title={{Interpretable dimensionality reduction of single cell transcriptome data with deep generative models}},
  author={Ding, Jiarui and Condon, Anne and Shah, Sohrab P},
  journal={Nature Communications},
  volume={9},
  number={1},
  pages={2002},
  year={2018},
  publisher={Nature Publishing Group}
}

@article{becht2019dimensionality,
  title={{Dimensionality reduction for visualizing single-cell data using UMAP}},
  author={Becht, Etienne and McInnes, Leland and Healy, John and Dutertre, Charles-Antoine and Kwok, Immanuel WH and Ng, Lai Guan and Ginhoux, Florent and Newell, Evan W},
  journal={Nature Biotechnology},
  volume={37},
  number={1},
  pages={38},
  year={2019},
  publisher={Nature Publishing Group}
}

@inproceedings{van2009learning,
  title={{Learning a parametric embedding by preserving local structure}},
  author={Van Der Maaten, Laurens},
  booktitle={Artificial Intelligence and Statistics},
  pages={384--391},
  year={2009}
}

@article{sheth2019spatial,
  title={{Spatial metagenomic characterization of microbial biogeography in the gut}},
  author={Sheth, Ravi U and Li, Mingqiang and Jiang, Weiqian and Sims, Peter A and Leong, Kam W and Wang, Harris H},
  journal={Nature Biotechnology},
  volume={37},
  number={8},
  pages={877--883},
  year={2019},
  publisher={Nature Publishing Group}
}

@article{beaulaurier2018metagenomic,
  title={{Metagenomic binning and association of plasmids with bacterial host genomes using DNA methylation}},
  author={Beaulaurier, John and Zhu, Shijia and Deikus, Gintaras and Mogno, Ilaria and Zhang, Xue-Song and Davis-Richardson, Austin and Canepa, Ronald and Triplett, Eric W and Faith, Jeremiah J and Sebra, Robert and others},
  journal={Nature Biotechnology},
  volume={36},
  number={1},
  pages={61},
  year={2018},
  publisher={Nature Publishing Group}
}

@article{hirata2019genetic,
  title={{Genetic and phenotypic landscape of the major histocompatibilty complex region in the Japanese population}},
  author={Hirata, Jun and Hosomichi, Kazuyoshi and Sakaue, Saori and Kanai, Masahiro and Nakaoka, Hirofumi and Ishigaki, Kazuyoshi and Suzuki, Ken and Akiyama, Masato and Kishikawa, Toshihiro and Ogawa, Kotaro and others},
  journal={Nature Genetics},
  volume={51},
  number={3},
  pages={470--480},
  year={2019},
  publisher={Nature Publishing Group}
}
@article{tkachev2019differences,
  title={{Differences in lipidome and metabolome organization of prefrontal cortex among human populations}},
  author={Tkachev, Anna and Stepanova, Vita and Zhang, Lei and Khrameeva, Ekaterina and Zubkov, Dmitry and Giavalisco, Patrick and Khaitovich, Philipp},
  journal={Scientific Reports},
  volume={9},
  number={1},
  pages={1--10},
  year={2019},
  publisher={Nature Publishing Group}
}

@article{anderson1936species,
  title={{The species problem in Iris}},
  author={Anderson, Edgar},
  journal={Annals of the Missouri Botanical Garden},
  volume={23},
  number={3},
  pages={457--509},
  year={1936},
  publisher={JSTOR}
}

@article{vanrossum1995python,
  title={{\proglang{Python} reference manual}},
  author={van Rossum, Guido},
  journal={Department of Computer Science [CS]},
  number={R 9525},
  year={1995},
  publisher={CWI}
}

@article{bezanson2017julia,
  title={{\proglang{Julia}: A fresh approach to numerical computing}},
  author={Bezanson, Jeff and Edelman, Alan and Karpinski, Stefan and Shah, Viral B},
  journal={SIAM review},
  volume={59},
  number={1},
  pages={65--98},
  year={2017},
  publisher={SIAM}
}

@article{team2013r,
  title={{\proglang{R}: A language and environment for statistical computing}},
  author={\proglang{R} Core Team, a},
  year={2022},
  publisher={Vienna, Austria}
}

@article{kiselev2019challenges,
  title={{Challenges in unsupervised clustering of single-cell RNA-seq data}},
  author={Kiselev, Vladimir Yu and Andrews, Tallulah S and Hemberg, Martin},
  journal={Nature Reviews Genetics},
  volume={20},
  number={5},
  pages={273--282},
  year={2019},
  publisher={Nature Publishing Group}
}
