
@article{tasic2018shared,
  title={Shared and distinct transcriptomic cell types across neocortical areas},
  author={Tasic, Bosiljka and Yao, Zizhen and Graybuck, Lucas T and Smith, Kimberly A and Nguyen, Thuc Nghi and Bertagnolli, Darren and Goldy, Jeff and Garren, Emma and Economo, Michael N and Viswanathan, Sarada and others},
  journal={Nature},
  volume={563},
  number={7729},
  pages={72--78},
  year={2018},
  publisher={Nature Publishing Group}
}

@article{cao2019single,
  title={The single-cell transcriptional landscape of mammalian organogenesis},
  author={Cao, Junyue and Spielmann, Malte and Qiu, Xiaojie and Huang, Xingfan and Ibrahim, Daniel M and Hill, Andrew J and Zhang, Fan and Mundlos, Stefan and Christiansen, Lena and Steemers, Frank J and others},
  journal={Nature},
  volume={566},
  number={7745},
  pages={496--502},
  year={2019},
  publisher={Nature Publishing Group}
}

@article{hochgerner2018conserved,
  title={Conserved properties of dentate gyrus neurogenesis across postnatal development revealed by single-cell RNA sequencing},
  author={Hochgerner, Hannah and Zeisel, Amit and L{\"o}nnerberg, Peter and Linnarsson, Sten},
  journal={Nature Neuroscience},
  volume={21},
  number={2},
  pages={290--299},
  year={2018},
  publisher={Nature Publishing Group}
}

@article{harris2018classes,
  title={Classes and continua of hippocampal CA1 inhibitory neurons revealed by single-cell transcriptomics},
  author={Harris, Kenneth D and Hochgerner, Hannah and Skene, Nathan G and Magno, Lorenza and Katona, Linda and Gonzales, Carolina Bengtsson and Somogyi, Peter and Kessaris, Nicoletta and Linnarsson, Sten and Hjerling-Leffler, Jens},
  journal={PLoS Biology},
  volume={16},
  number={6},
  pages={e2006387},
  year={2018},
  publisher={Public Library of Science}
}

@article{macosko2015highly,
  title={Highly parallel genome-wide expression profiling of individual cells using nanoliter droplets},
  author={Macosko, Evan Z and Basu, Anindita and Satija, Rahul and Nemesh, James and Shekhar, Karthik and Goldman, Melissa and Tirosh, Itay and Bialas, Allison R and Kamitaki, Nolan and Martersteck, Emily M and others},
  journal={Cell},
  volume={161},
  number={5},
  pages={1202--1214},
  year={2015},
  publisher={Elsevier}
}

@article{shekhar2016comprehensive,
  title={Comprehensive classification of retinal bipolar neurons by single-cell transcriptomics},
  author={Shekhar, Karthik and Lapan, Sylvain W and Whitney, Irene E and Tran, Nicholas M and Macosko, Evan Z and Kowalczyk, Monika and Adiconis, Xian and Levin, Joshua Z and Nemesh, James and Goldman, Melissa and others},
  journal={Cell},
  volume={166},
  number={5},
  pages={1308--1323},
  year={2016},
  publisher={Elsevier}
}

@article{zheng2017massively,
  title={Massively parallel digital transcriptional profiling of single cells},
  author={Zheng, Grace XY and Terry, Jessica M and Belgrader, Phillip and Ryvkin, Paul and Bent, Zachary W and Wilson, Ryan and Ziraldo, Solongo B and Wheeler, Tobias D and McDermott, Geoff P and Zhu, Junjie and others},
  journal={Nature Communications},
  volume={8},
  number={1},
  pages={1--12},
  year={2017},
  publisher={Nature Publishing Group}
}

@article{pedregosa2011scikit,
  title={Scikit-learn: Machine learning in Python},
  author={Pedregosa, Fabian and Varoquaux, Ga{\"e}l and Gramfort, Alexandre and Michel, Vincent and Thirion, Bertrand and Grisel, Olivier and Blondel, Mathieu and Prettenhofer, Peter and Weiss, Ron and Dubourg, Vincent and others},
  journal={the Journal of Machine Learning Research},
  volume={12},
  pages={2825--2830},
  year={2011},
  publisher={JMLR. org}
}

@misc{Ulyanov2016,
  author = {Ulyanov, Dmitry},
  title = {Multicore-TSNE},
  year = {2016},
  publisher = {GitHub},
  journal = {GitHub repository},
  howpublished = {\url{https://github.com/DmitryUlyanov/Multicore-TSNE}},
}

@article{linderman2019fast,
  title={Fast interpolation-based t-SNE for improved visualization of single-cell RNA-seq data},
  author={Linderman, George C and Rachh, Manas and Hoskins, Jeremy G and Steinerberger, Stefan and Kluger, Yuval},
  journal={Nature Methods},
  volume={16},
  number={3},
  pages={243--245},
  year={2019},
  publisher={Nature Publishing Group}
}

@article{maaten2008visualizing,
  title={Visualizing data using t-SNE},
  author={Maaten, Laurens van der and Hinton, Geoffrey},
  journal={Journal of Machine Learning Research},
  volume={9},
  number={Nov},
  pages={2579--2605},
  year={2008}
}

@article{van2014accelerating,
  title={Accelerating t-SNE using tree-based algorithms},
  author={Van Der Maaten, Laurens},
  journal={The Journal of Machine Learning Research},
  volume={15},
  number={1},
  pages={3221--3245},
  year={2014},
  publisher={JMLR. org}
}

@inproceedings{policar2019embedding,
  title={Embedding to reference t-SNE space addresses batch effects in single-cell classification},
  author={Poli{\v{c}}ar, Pavlin G and Stra{\v{z}}ar, Martin and Zupan, Bla{\v{z}}},
  booktitle={International Conference on Discovery Science},
  pages={246--260},
  year={2019},
  organization={Springer}
}

@article{2018arXivUMAP,
     author = {{McInnes}, L. and {Healy}, J. and {Melville}, J.},
     title = "{UMAP: Uniform Manifold Approximation
     and Projection for Dimension Reduction}",
     journal = {ArXiv e-prints},
     archivePrefix = "arXiv",
     eprint = {1802.03426},
     primaryClass = "stat.ML",
     keywords = {Statistics - Machine Learning,
                 Computer Science - Computational Geometry,
                 Computer Science - Learning},
     year = 2018,
     month = feb,
}

@article{kobak2019art,
  title={The art of using t-SNE for single-cell transcriptomics},
  author={Kobak, Dmitry and Berens, Philipp},
  journal={Nature Communications},
  volume={10},
  number={1},
  pages={1--14},
  year={2019},
  publisher={Nature Publishing Group UK}
}

@article{belkina2019automated,
  title={Automated optimized parameters for T-distributed stochastic neighbor embedding improve visualization and analysis of large datasets},
  author={Belkina, Anna C and Ciccolella, Christopher O and Anno, Rina and Halpert, Richard and Spidlen, Josef and Snyder-Cappione, Jennifer E},
  journal={Nature Communications},
  volume={10},
  number={1},
  pages={1--12},
  year={2019},
  publisher={Nature Publishing Group UK}
}

@article{kobak2019heavy,
  title={Heavy-tailed kernels reveal a finer cluster structure in t-SNE visualisations},
  author={Kobak, Dmitry and Linderman, George and Steinerberger, Stefan and Kluger, Yuval and Berens, Philipp},
  journal={arXiv preprint arXiv:1902.05804},
  year={2019}
}

@article{kobak2019umap,
  title={UMAP does not preserve global structure any better than t-SNE when using the same initialization},
  author={Kobak, Dmitry and Linderman, George C},
  journal={bioRxiv},
  year={2019},
  publisher={Cold Spring Harbor Laboratory}
}

@article{jacobs1988increased,
  title={Increased rates of convergence through learning rate adaptation},
  author={Jacobs, Robert A},
  journal={Neural Networks},
  volume={1},
  number={4},
  pages={295--307},
  year={1988},
  publisher={Elsevier}
}

@article{jacomy2014forceatlas2,
  title={ForceAtlas2, a continuous graph layout algorithm for handy network visualization designed for the Gephi software},
  author={Jacomy, Mathieu and Venturini, Tommaso and Heymann, Sebastien and Bastian, Mathieu},
  journal={PloS one},
  volume={9},
  number={6},
  pages={e98679},
  year={2014},
  publisher={Public Library of Science}
}

@inproceedings{sklearn_api,
  author    = {Lars Buitinck and Gilles Louppe and Mathieu Blondel and
               Fabian Pedregosa and Andreas Mueller and Olivier Grisel and
               Vlad Niculae and Peter Prettenhofer and Alexandre Gramfort
               and Jaques Grobler and Robert Layton and Jake VanderPlas and
               Arnaud Joly and Brian Holt and Ga{\"{e}}l Varoquaux},
  title     = {{API} design for machine learning software: experiences from the scikit-learn
               project},
  booktitle = {ECML PKDD Workshop: Languages for Data Mining and Machine Learning},
  year      = {2013},
  pages = {108--122},
}

@article{ding2018interpretable,
  title={Interpretable dimensionality reduction of single cell transcriptome data with deep generative models},
  author={Ding, Jiarui and Condon, Anne and Shah, Sohrab P},
  journal={Nature Communications},
  volume={9},
  number={1},
  pages={2002},
  year={2018},
  publisher={Nature Publishing Group}
}

@article{becht2019dimensionality,
  title={Dimensionality reduction for visualizing single-cell data using UMAP},
  author={Becht, Etienne and McInnes, Leland and Healy, John and Dutertre, Charles-Antoine and Kwok, Immanuel WH and Ng, Lai Guan and Ginhoux, Florent and Newell, Evan W},
  journal={Nature Biotechnology},
  volume={37},
  number={1},
  pages={38},
  year={2019},
  publisher={Nature Publishing Group}
}

@inproceedings{van2009learning,
  title={Learning a parametric embedding by preserving local structure},
  author={Van Der Maaten, Laurens},
  booktitle={Artificial Intelligence and Statistics},
  pages={384--391},
  year={2009}
}
